@online{IbisDocs,
  author =       "",
  year =         ".",
  title =        "Ibis documentation",
  url =          "https://ibis-project.org/",
}

@online{IbisRepo,
  author =       "",
  year =         ".",
  title =        "Ibis GitHub Repository",
  url =          "https://github.com/ibis-project/ibis",
}

@online{IbisBlog,
  author =       "",
  year =         ".",
  title =        "Ibis Blog",
  url =          "https://ibis-project.org/posts",
}


@online{IbisTutorialNYC2023,
  author =       "",
  year =         ".",
  title =        "Ibis tutorial PyData NYC 2023",
  url =          "https://github.com/ibis-project/ibis-tutorial",
}

@online{VoDaCodex,
  author =       "",
  year =         "2023",
  title =        "The Composable Codex",
  url =          "https://voltrondata.com/codex",
}


@article{Tidyverse,
  title={Welcome to the Tidyverse},
  author={Wickham, Hadley and Averick, Mara and Bryan, Jennifer and Chang, Winston and McGowan, Lucy D'Agostino and Fran{\c{c}}ois, Romain and Grolemund, Garrett and Hayes, Alex and Henry, Lionel and Hester, Jim and others},
  journal={Journal of open source software},
  volume={4},
  number={43},
  pages={1686},
  year={2019},
  url = {https://joss.theoj.org/papers/10.21105/joss.01686}
}

@article{pedreira2023composable,
  title={The composable data management system manifesto},
  author={Pedreira, Pedro and Erling, Orri and Karanasos, Konstantinos and Schneider, Scott and McKinney, Wes and Valluri, Satya R and Zait, Mohamed and Nadeau, Jacques},
  journal={Proceedings of the VLDB Endowment},
  volume={16},
  number={10},
  pages={2679--2685},
  year={2023},
  publisher={VLDB Endowment},
  url= {https://www.vldb.org/pvldb/vol16/p2679-pedreira.pdf}
}
